% This file was created with JabRef 2.10b2.
% Encoding: ISO8859_1



@book{aguirre,
	author    = {Luis Antonio Aguirre}, 
	title     = {Introdução à identificação de sistemas: técnicas lineares e não lineares: teoria e aplicação},
	publisher = {Editora UFMG},
	year      = 2015,
	address   = {Belo Horizonte, MG},
}

@book{izmailov,
	author    = {Alexey Izmailov and Mikhail Solodov}, 
	title     = {Otimização volume 1. Condições de otimalidade, elementos de análise convexa e de dualidade},
	publisher = {IMPA},
	year      = 2005,
	isbn = {85-244-0238-5},
	address   = {Rio de Janeiro, RJ},
}

@book{yang,
 author = {Xin-She Yang},
 title = {Engineering optimization: an introduction with metaheuristic applications},
 year = {2010},
 isbn = {978-0-470-58246-6},
 publisher = {Wiley},
 address = {New York},
}

@book{guller,
 author = {Osman Guller},
 title = {Foundations of Optimization},
 year = {2010},
 isbn = {978-0-387-68407-9},
 publisher = {Springer Science \& Business Media},
 address = {New York},
} 

@book{thomas1,
 author = {George Thomas},
 title = {Cálculo, volume 1},
 edition = {11th},
 year = {2009},
 isbn = {978-85-88639-31-7},
 publisher = {Addison Wesley},
 address = {São Paulo, SP}, 
}

@book{thomas2,
 author = {George Thomas},
 title = {Cálculo, volume 2},
 edition = {11th},
 year = {2009},
 isbn = {978-85-88639-36-2},
 publisher = {Addison Wesley},
 address = {São Paulo, SP}, 
}

@book{reklaitis,
 author = {G V Reklaitis},
 title = {Engineering Optimization: Methods and Applications},
 year = {1983},
 isbn = {0-471-05579-4},
 publisher = {John Wiley},
 address = {New York}
}

@book{engres,
 author = {Adalberto José Rosa and Renato de Souza Carvalho and José Augusto Daniel Xavier},
 title = {Engenharia de Reservatórios de Petróleo},
 publisher = {Interciência: PETROBRAS},
 address = {Rio de Janeiro},
 isbn = {85-7193-135-6},
 year = {2006},
}

@book{engpetro,
 author = {José Eduardo Thomas and Attilio Alberto Triggia and Carlos Alberto Correia and Clodoveu Verotti Filho and José Augusto Daniel Xavier and José Carlos Vieira Machado and José Erasmo de Souza Filho and José Luiz de Paula and Nereu Carlos Milani De Rossi and Nilton Emanuel Santos Pitombo and Paulo Cezar Vaz de Melo Gouvea and Renato de Souza Carvalho and Roberto Vinicius Barragan},
 title = {Fundamentos de Engenharia de Petróleo},
 edition = {2},
 publisher = {Interciência: PETROBRAS},
 address = {Rio de Janeiro},
 isbn = {85-7193-099-6},
 year = {2004},
}

@misc{smartR,
 author = {Eugênio Fortaleza},
 title = {Controle Avançado para Gestão de Reservatórios de Petróleo},
 year = {2012}
}

@article{eggM,
 title = {The egg model ? a geological ensemble for reservoir simulation},
 author = {J. D. Jansen and R. M. Fonseca and S. Kahrobaei and M. M. Siraj and G. M.
 Van Essen and P. M. J. Van den Hof},
 doi = {http://dx.doi.org/10.1002/gdj3.21},
 journal = {Geoscience Data Journal},
 volume = {1},
 number = {2},
 pages = {192-195},
 year = {2014},
 issn = {2049-6060},
 keywords = {reservoir},
 keywords = {simulation},
 keywords = {channelized},
 keywords = {geological},
 keywords = {ensemble}
}

@comment{jabref-meta: databaseType:biblatex;}

